<?xml version="1.0" encoding="UTF-8"?><record xmlns="http://www.loc.gov/MARC21/slim" xmlns:cinclude="http://apache.org/cocoon/include/1.0" xmlns:zs="http://www.loc.gov/zing/srw/">
  <leader>00456cz  a2200121n  4500</leader>
  <controlfield tag="001">n  95801779 </controlfield>
  <controlfield tag="003">DLC</controlfield>
  <controlfield tag="005">19951017085748.4</controlfield>
  <controlfield tag="008">950705n| acannaab|          |n ana ||| b</controlfield>
  <datafield tag="010" ind1=" " ind2=" ">
    <subfield code="a">n  95801779 </subfield>
    <subfield code="z">no 95031154 </subfield>
  </datafield>
  <datafield tag="040" ind1=" " ind2=" ">
    <subfield code="a">DNLM</subfield>
    <subfield code="c">DLC</subfield>
    <subfield code="d">DLC</subfield>
  </datafield>
  <datafield tag="110" ind1="2" ind2="0">
    <subfield code="a">Central Institute for Labour Protection</subfield>
  </datafield>
  <datafield tag="670" ind1=" " ind2=" ">
    <subfield code="a">International journal of occupational safety and ergonomics, Vol. 1, no. 1 (1995):</subfield>
    <subfield code="b">t.p. (Central Institute for Labour Protection) cover p. 3 (Warszawa, Poland)</subfield>
  </datafield>
</record>